<collection xmlns="http://www.loc.gov/MARC21/slim">
<record>
  <leader>01201nam0a22002411i 450 </leader>
  <controlfield tag="001">IT\ICCU\CNCE\025872</controlfield>
  <controlfield tag="005">20200914000000.0</controlfield>
  <datafield tag="012" ind1=" " ind2=" ">
    <subfield code="a">uola Fuen f-to moin (3) 1559 (R)</subfield>
    <subfield code="2">fei</subfield>
  </datafield>
  <datafield tag="100" ind1=" " ind2=" ">
    <subfield code="a">19971003d1559        0itac0103    ba</subfield>
  </datafield>
  <datafield tag="101" ind1=" " ind2=" ">
    <subfield code="a">ITA</subfield>
  </datafield>
  <datafield tag="102" ind1=" " ind2=" ">
    <subfield code="a">IT</subfield>
  </datafield>
  <datafield tag="200" ind1="1" ind2=" ">
    <subfield code="a">Historia del valorosissimo Caualiero della Croce, che per sue gran prodezze dopo varie imprese, fu  ̉l&apos; Imperio d&apos; Alemagna sublimato. Tratta dal spagnuolo nell&apos;idioma italiano. Nuouamente ... ristampata</subfield>
  </datafield>
  <datafield tag="210" ind1=" " ind2=" ">
    <subfield code="a">In Venetia</subfield>
    <subfield code="c">appresso P. Gironimo Giglio</subfield>
    <subfield code="d">e compagni</subfield>
    <subfield code="d">1559</subfield>
  </datafield>
  <datafield tag="215" ind1=" " ind2=" ">
    <subfield code="a">172, \4! c.</subfield>
    <subfield code="c">ill.</subfield>
    <subfield code="d">8ʻ</subfield>
  </datafield>
  <datafield tag="500" ind1="1" ind2="1">
    <subfield code="3">IT\ICCU\CNCE\042217</subfield>
    <subfield code="a">Lepolemo</subfield>
  </datafield>
  <datafield tag="620" ind1=" " ind2=" ">
    <subfield code="a">IT</subfield>
    <subfield code="d">Venezia</subfield>
  </datafield>
  <datafield tag="712" ind1="0" ind2="0">
    <subfield code="a">Giglio, Girolamo &amp; C.</subfield>
    <subfield code="3">IT\ICCU\CNCT\002866</subfield>
    <subfield code="4">650</subfield>
  </datafield>
  <datafield tag="801" ind1=" " ind2="3">
    <subfield code="a">IT</subfield>
    <subfield code="b">ICCU</subfield>
    <subfield code="c">20201114</subfield>
  </datafield>
  <datafield tag="899" ind1=" " ind2=" ">
    <subfield code="a">Biblioteca comunale Sperelliana. Gubbio</subfield>
    <subfield code="1">PG0049</subfield>
    <subfield code="2">UM1 11</subfield>
  </datafield>
  <datafield tag="899" ind1=" " ind2=" ">
    <subfield code="a">Biblioteca nazionale centrale. Roma</subfield>
    <subfield code="z">MUTILO</subfield>
    <subfield code="1">RM0267</subfield>
    <subfield code="2">BVE CR</subfield>
  </datafield>
  <datafield tag="899" ind1=" " ind2=" ">
    <subfield code="a">British Library. London</subfield>
    <subfield code="1">UK0001</subfield>
  </datafield>
  <datafield tag="911" ind1=" " ind2=" ">
    <subfield code="a">Sul front.</subfield>
    <subfield code="9">IT\ICCU\CNCM\000182</subfield>
  </datafield>
  <datafield tag="921" ind1=" " ind2=" ">
    <subfield code="a">IT\ICCU\CNCM\000182</subfield>
    <subfield code="b">Tre gigli e una piramide in un ovale. In cornice figurata</subfield>
    <subfield code="e">Virtus labi nescit ; Nescit labi virtus.</subfield>
    <subfield code="c">V362</subfield>
    <subfield code="c">Z660</subfield>
    <subfield code="d">Dimensioni: 6,1 x 6,1</subfield>
    <subfield code="f">GIGLI</subfield>
    <subfield code="f">OVALE</subfield>
    <subfield code="f">PIRAMIDE</subfield>
    <subfield code="f">VIRTUSNESC</subfield>
    <subfield code="g">1559-1566</subfield>
  </datafield>
</record>
</collection>
